@book{Cattell1978,
  title = {The scientific use of factor analysis in behavioral and life sciences},
  author = {Cattell, Raymond B},
  year = {1978},
  publisher = {Springer}
}

@article{Dawson2010,
  title = {Measuring quality of life among adolescents: Development and validation of a new instrument},
  author = {Dawson, Jeremy and Doll, Helen and Fitzpatrick, Ray and Jenkinson, Crispin and Carr, Alan J},
  journal = {Journal of Adolescent Health},
  volume = {46},
  number = {3},
  pages = {260--266},
  year = {2010},
  publisher = {Elsevier}
}

@article{Diehr2005,
  title = {Quality of life at the end of life},
  author = {Diehr, Paula and Johnson, Lois L},
  journal = {Health and Quality of Life Outcomes},
  volume = {3},
  number = {1},
  pages = {1--11},
  year = {2005},
  publisher = {BioMed Central}
}

@article{Heylens2014,
  title = {Psychiatric characteristics in transsexual individuals: multicentre study in four European countries},
  author = {Heylens, Gunter and Elaut, Els and Kreukels, Baudewijntje PC and Paap, Muirne CS and Cerwenka, Susanne and Richter-Appelt, Hertha and Cohen-Kettenis, Peggy T and Haraldsen, Ira R and De Cuypere, Griet},
  journal = {The British Journal of Psychiatry},
  volume = {204},
  number = {2},
  pages = {151--156},
  year = {2014},
  publisher = {Cambridge University Press}
}

@article{Lawer2002,
  title = {Quality of life in schizophrenia: A comparison of instruments},
  author = {Lawer, Elizabeth and Brusilovskiy, Eugene and Salzer, Mark S and Mandell, David S},
  journal = {Schizophrenia Bulletin},
  volume = {28},
  number = {2},
  pages = {257--268},
  year = {2002},
  publisher = {Oxford University Press}
}

@article{Marshall2016,
  title = {Non-suicidal self-injury and suicidality in trans people: A systematic review of the literature},
  author = {Marshall, Ellen and Claes, Laurence and Bouman, Walter Pierre and Witcomb, Gemma L and Arcelus, Jon},
  journal = {International Review of Psychiatry},
  volume = {28},
  number = {1},
  pages = {58--69},
  year = {2016},
  publisher = {Taylor \& Francis}
}

@article{Murad2010,
  title = {Hormonal therapy and sex reassignment: A systematic review and meta‐analysis of quality of life and psychosocial outcomes},
  author = {Murad, Mohammad Hassan and Elamin, Mohamed B and Garcia, Magaly Zumaeta and Mullan, Rebecca J and Murad, Ayman and Erwin, Patricia J and Montori, Victor M},
  journal = {Clinical Endocrinology},
  volume = {72},
  number = {2},
  pages = {214--231},
  year = {2010},
  publisher = {Wiley Online Library}
}

@article{Snyder2007,
  title = {Patient-reported outcome measurement: Development of a common metric},
  author = {Snyder, Claire F and Watson, Margaret E and Jackson, James D and Cella, David and Halyard, Michele Y},
  journal = {Health and Quality of Life Outcomes},
  volume = {5},
  number = {1},
  pages = {1--11},
  year = {2007},
  publisher = {BioMed Central}
}

@article{Witcomb2018,
  title = {Levels of depression in transgender people and its predictors: Results of a large matched control study with transgender people accessing clinical services},
  author = {Witcomb, Gemma L and Bouman, Walter Pierre and Claes, Laurence and Brewin, Nicola and Crawford, John R and Arcelus, Jon},
  journal = {Journal of Affective Disorders},
  volume = {235},
  pages = {308--315},
  year = {2018},
  publisher = {Elsevier}
}

@book{deVet2011,
  title = {Measurement in medicine: a practical guide},
  author = {de Vet, Henrica CW and Terwee, Caroline B and Mokkink, Lidwine B and Knol, Dirk L},
  year = {2011},
  publisher = {Cambridge University Press}
}

@article{Arcelus2017,
  title = {Systematic review and meta-analysis of prevalence studies in transsexualism},
  author = {Arcelus, Jon and Bouman, Walter Pierre and Van Den Noortgate, Wim and Claes, Laurence and Witcomb, Gemma and Fernandez-Aranda, Fernando},
  journal = {European Psychiatry},
  volume = {45},
  pages = {92--98},
  year = {2017},
  publisher = {Elsevier}
}

@article{Asparouhov2009,
  title = {Exploratory structural equation modeling},
  author = {Asparouhov, Tihomir and Muth{\'e}n, Bengt},
  journal = {Structural Equation Modeling},
  volume = {16},
  number = {3},
  pages = {397--438},
  year = {2009},
  publisher = {Taylor \& Francis}
}

@article{Becker2016,
  title = {The Hamburg Body Drawing Scale: A new method of assessing body image},
  author = {Becker, Inga and Nieder, Timo O and Cerwenka, Susanne and Briken, Peer and Kreukels, Baudewijntje PC and Cohen-Kettenis, Peggy T and De Cuypere, Griet and Haraldsen, Ira R and Richter-Appelt, Hertha},
  journal = {Psychotherapy Research},
  volume = {26},
  number = {1},
  pages = {87--99},
  year = {2016},
  publisher = {Taylor \& Francis}
}

@article{Beek2015,
  title = {Prevalence of transgender identity and its relationship to gender identity and sexual orientation},
  author = {Beek, Titia F and Cohen-Kettenis, Peggy T and Kreukels, Baudewijntje PC},
  journal = {Behavioral Psychology},
  volume = {23},
  number = {2},
  pages = {245--258},
  year = {2015},
  publisher = {Fundaci{\'o}n VECA}
}

@article{Behr2017,
  title = {Translation and adaptation guidelines for cross-cultural research},
  author = {Behr, Dorothée and Braun, Michael and Dorer, Brita},
  journal = {GESIS Survey Guidelines},
  year = {2017},
  publisher = {GESIS - Leibniz Institute for the Social Sciences}
}

@article{Bouman2013,
  title = {Transgender and anxiety: A comparative study between transgender people and the general population},
  author = {Bouman, Walter Pierre and Claes, Laurence and Brewin, Nicola and Crawford, John R and Millet, Nessa and Fernandez-Aranda, Fernando and Arcelus, Jon},
  journal = {International Journal of Transgenderism},
  volume = {14},
  number = {3},
  pages = {151--163},
  year = {2013},
  publisher = {Taylor \& Francis}
}

@article{Bouman2016,
  title = {Transgender and anxiety: A comparative study between transgender people and the general population},
  author = {Bouman, Walter Pierre and Claes, Laurence and Brewin, Nicola and Crawford, John R and Millet, Nessa and Fernandez-Aranda, Fernando and Arcelus, Jon},
  journal = {International Journal of Transgenderism},
  volume = {17},
  number = {1},
  pages = {39--52},
  year = {2016},
  publisher = {Taylor \& Francis}
}

@article{Bouman2017,
  title = {Language and trans health},
  author = {Bouman, Walter Pierre and Schwend, Amets Suess and Motmans, Joz and Smiley, Adam and Safer, Joshua D and Deutsch, Madeline B and Adams, Noah J and Winter, Sam},
  journal = {International Journal of Transgenderism},
  volume = {18},
  number = {1},
  pages = {1--6},
  year = {2017},
  publisher = {Taylor \& Francis}
}

@book{Brown2015,
  title = {Confirmatory factor analysis for applied research},
  author = {Brown, Timothy A},
  year = {2015},
  publisher = {Guilford Publications}
}

@article{Cattell1966,
  title = {The scree test for the number of factors},
  author = {Cattell, Raymond B},
  journal = {Multivariate Behavioral Research},
  volume = {1},
  number = {2},
  pages = {245--276},
  year = {1966},
  publisher = {Taylor \& Francis}
}

@article{Clarke2018,
  title = {Non-binary/genderqueer identities: A critical review of the literature},
  author = {Clarke, Victoria and Hayfield, Nikki and Huxley, Caroline},
  journal = {Journal of Counseling Psychology},
  volume = {65},
  number = {4},
  pages = {424--434},
  year = {2018},
  publisher = {American Psychological Association}
}

@article{CohenKettenis1997,
  title = {Sex reassignment of adolescent transsexuals: A follow-up study},
  author = {Cohen-Kettenis, Peggy T and van Goozen, Stephanie HM},
  journal = {Journal of the American Academy of Child \& Adolescent Psychiatry},
  volume = {36},
  number = {2},
  pages = {263--271},
  year = {1997},
  publisher = {Elsevier}
}

@article{Coleman2012,
  title = {Standards of care for the health of transsexual, transgender, and gender-nonconforming people, version 7},
  author = {Coleman, Eli and Bockting, Walter and Botzer, Marsha and Cohen-Kettenis, Peggy and DeCuypere, Griet and Feldman, Jamie and Fraser, Lin and Green, Jamison and Knudson, Gail and Meyer, Walter J and others},
  journal = {International Journal of Transgenderism},
  volume = {13},
  number = {4},
  pages = {165--232},
  year = {2012},
  publisher = {Taylor \& Francis}
}

@article{Costello2005,
  title = {Best practices in exploratory factor analysis: Four recommendations for getting the most from your analysis},
  author = {Costello, Anna B and Osborne, Jason W},
  journal = {Practical Assessment, Research, and Evaluation},
  volume = {10},
  number = {1},
  pages = {7},
  year = {2005},
  publisher = {ScholarWorks@UMass Amherst}
}

@book{DeVellis2016,
  title = {Scale development: Theory and applications},
  author = {DeVellis, Robert F},
  year = {2016},
  publisher = {Sage Publications}
}

@article{Dhejne2016,
  title = {Mental health and gender dysphoria: A review of the literature},
  author = {Dhejne, Cecilia and Van Vlerken, Ruth and Heylens, Gunter and Arcelus, Jon},
  journal = {International Review of Psychiatry},
  volume = {28},
  number = {1},
  pages = {44--57},
  year = {2016},
  publisher = {Taylor \& Francis}
}

@article{Fabrigar1999,
  title = {Evaluating the use of exploratory factor analysis in psychological research},
  author = {Fabrigar, Leandre R and Wegener, Duane T and MacCallum, Robert C and Strahan, Erin J},
  journal = {Psychological Methods},
  volume = {4},
  number = {3},
  pages = {272},
  year = {1999},
  publisher = {American Psychological Association}
}

@article{Gandek1998,
  title = {Cross-validation of item selection and scoring for the SF-12 Health Survey in nine countries: Results from the IQOLA Project},
  author = {Gandek, Barbara and Ware, John E and Aaronson, Neil K and Apolone, Giovanni and Bjorner, Jakob B and Brazier, John E and Bullinger, Monika and Kaasa, Stein and Leplege, Alain and Prieto, Luis and others},
  journal = {Journal of Clinical Epidemiology},
  volume = {51},
  number = {11},
  pages = {1171--1178},
  year = {1998},
  publisher = {Elsevier}
}

@article{Hannover2002,
  title = {Development and validation of a short version of the Client Satisfaction Questionnaire (CSQ-8) in German},
  author = {Hannover, Wolfgang and Dogs, Christian P and Kordy, Hans},
  journal = {Diagnostica},
  volume = {48},
  number = {2},
  pages = {87--95},
  year = {2002},
  publisher = {Hogrefe}
}

@article{Harkness2010,
  title = {Survey translation and cultural adaptation},
  author = {Harkness, Janet A},
  journal = {Cross-Cultural Survey Guidelines},
  year = {2010},
  publisher = {Survey Research Center, Institute for Social Research, University of Michigan}
}

@article{Horn1965,
  title = {A rationale and test for the number of factors in factor analysis},
  author = {Horn, John L},
  journal = {Psychometrika},
  volume = {30},
  number = {2},
  pages = {179--185},
  year = {1965},
  publisher = {Springer}
}

@article{Jones2016,
  title = {Development and validation of a new scale to measure outcomes and preferences of hormone therapy in adult transgender people: The Gender Congruence and Life Satisfaction Scale},
  author = {Jones, Bethany A and Bouman, Walter Pierre and Haycraft, Emma and Arcelus, Jon},
  journal = {Journal of Sexual Medicine},
  volume = {13},
  number = {11},
  pages = {1654--1664},
  year = {2016},
  publisher = {Elsevier}
}

@article{Jones2019,
  title = {Sport and transgender people: A systematic review of the literature relating to sport participation and competitive sport policies},
  author = {Jones, Bethany A and Arcelus, Jon and Bouman, Walter Pierre and Haycraft, Emma},
  journal = {Sports Medicine},
  volume = {49},
  number = {4},
  pages = {647--657},
  year = {2019},
  publisher = {Springer}
}

@book{Kline2015,
  title = {Principles and practice of structural equation modeling},
  author = {Kline, Rex B},
  year = {2015},
  publisher = {Guilford Publications}
}

@article{Marsh2014,
  title = {Exploratory structural equation modeling: An integration of the best features of exploratory and confirmatory factor analysis},
  author = {Marsh, Herbert W and Morin, Alexandre JS and Parker, Philip D and Kaur, Gurvinder},
  journal = {Annual Review of Clinical Psychology},
  volume = {10},
  pages = {85--110},
  year = {2014},
  publisher = {Annual Reviews}
}

@article{Mohler2016,
  title = {Guidelines for best practice in cross-cultural surveys},
  author = {Mohler, Peter and Dorer, Brita and de Jong, Julie and Hu, Mengyao},
  journal = {Survey Research Center, Institute for Social Research, University of Michigan},
  year = {2016},
  publisher = {Survey Research Center, Institute for Social Research, University of Michigan}
}

@book{Nunnally1994,
  title = {Psychometric theory},
  author = {Nunnally, Jum C and Bernstein, Ira H},
  year = {1994},
  publisher = {McGraw-Hill}
}

@article{Ozolins2020,
  title = {Back translation: The latest evidence},
  author = {Ozolins, Uldis and Hale, Sandra and Cheng, Xingmin and Hyatt, Ashley and Schofield, Penelope},
  journal = {Target. International Journal of Translation Studies},
  volume = {32},
  number = {2},
  pages = {234--268},
  year = {2020},
  publisher = {John Benjamins}
}

@manual{RCore2021,
  title = {R: A Language and Environment for Statistical Computing},
  author = {{R Core Team}},
  organization = {R Foundation for Statistical Computing},
  address = {Vienna, Austria},
  year = {2021},
  url = {https://www.R-project.org/}
}

@article{Richards2016,
  title = {Non-binary or genderqueer genders},
  author = {Richards, Christina and Bouman, Walter Pierre and Seal, Leighton and Barker, Meg John and Nieder, Timo O and T'Sjoen, Guy},
  journal = {International Review of Psychiatry},
  volume = {28},
  number = {1},
  pages = {95--102},
  year = {2016},
  publisher = {Taylor \& Francis}
}

@article{Richards2017,
  title = {Evidence-based recommendations for the assessment of gender dysphoria in adults},
  author = {Richards, Christina and Arcelus, Jon and Barrett, James and Bouman, Walter Pierre and Lenihan, Penny and Lorimer, Stuart and Murjan, Sarah and Seal, Leighton},
  journal = {Sexual and Relationship Therapy},
  volume = {32},
  number = {1},
  pages = {45--60},
  year = {2017},
  publisher = {Taylor \& Francis}
}

@article{Rolstad2011,
  title = {Response burden and questionnaire length: Is shorter better? A review and meta-analysis},
  author = {Rolstad, Sindre and Adler, John and Ryden, Anna},
  journal = {Value in Health},
  volume = {14},
  number = {8},
  pages = {1101--1108},
  year = {2011},
  publisher = {Elsevier}
}

@article{Skevington2004,
  title = {The World Health Organization's WHOQOL-BREF quality of life assessment: Psychometric properties and results of the international field trial},
  author = {Skevington, Suzanne M and Lotfy, M and O'Connell, KA},
  journal = {Quality of Life Research},
  volume = {13},
  number = {2},
  pages = {299--310},
  year = {2004},
  publisher = {Springer}
}

@article{Turner2007,
  title = {Patient-reported outcomes: Instrument development and selection issues},
  author = {Turner, Ralph R and Quittner, Alexandra L and Parasuraman, Bhash M and Kallich, Joel D and Cleeland, Charles S},
  journal = {Value in Health},
  volume = {10},
  pages = {S86--S93},
  year = {2007},
  publisher = {Elsevier}
}

@article{Ware1996,
  title = {A 12-Item Short-Form Health Survey: Construction of scales and preliminary tests of reliability and validity},
  author = {Ware Jr, John E and Kosinski, Mark and Keller, Susan D},
  journal = {Medical Care},
  volume = {34},
  number = {3},
  pages = {220--233},
  year = {1996},
  publisher = {JSTOR}
}

@article{Wylie2014,
  title = {Good practice guidelines for the assessment and treatment of adults with gender dysphoria},
  author = {Wylie, Kevan and Barrett, James and Besser, Mike and Bouman, Walter Pierre and Bridgman, Michelle and Clayton, Angela and Green, Richard and Hamilton, Mark and Hines, Melissa and Ivbijaro, Gabriel and others},
  journal = {Sexual and Relationship Therapy},
  volume = {29},
  number = {2},
  pages = {154--214},
  year = {2014},
  publisher = {Taylor \& Francis}
} 