@article{mcguire2020,
  title={Gender Congruence and Life Satisfaction Scale (GCLS): Development and validation of a scale to measure outcomes from transgender health services},
  author={McGuire, Jenifer K and Rider, G Nicole and Catalpa, Jory M and Bradford, Nova J},
  journal={International Journal of Transgender Health},
  volume={21},
  number={3},
  pages={275--288},
  year={2020},
  publisher={Taylor \& Francis}
}

@article{beaton2000,
  title={Guidelines for the process of cross-cultural adaptation of self-report measures},
  author={Beaton, Dorcas E and Bombardier, Claire and Guillemin, Francis and Ferraz, Marcos Bosi},
  journal={Spine},
  volume={25},
  number={24},
  pages={3186--3191},
  year={2000},
  publisher={LWW}
}

@article{byrne2008,
  title={Testing for multigroup equivalence of a measuring instrument: A walk through the process},
  author={Byrne, Barbara M},
  journal={Psicothema},
  volume={20},
  number={4},
  pages={872--882},
  year={2008}
}

@article{hu1999,
  title={Cutoff criteria for fit indexes in covariance structure analysis: Conventional criteria versus new alternatives},
  author={Hu, Li-tze and Bentler, Peter M},
  journal={Structural Equation Modeling: A Multidisciplinary Journal},
  volume={6},
  number={1},
  pages={1--55},
  year={1999},
  publisher={Taylor \& Francis}
} 